<?xml version="1.0" encoding="UTF-8"?>
<collection xmlns:xsi="http://www.w3.org/2001/XMLSchema-instance" xsi:schemaLocation="http://www.loc.gov/MARC21/slim http://www.loc.gov/standards/marcxml/schema/MARC21slim.xsd" xmlns="http://www.loc.gov/MARC21/slim">
<record>
  <leader>01495cam a2200277 a 4500</leader>
  <controlfield tag="001">3080550</controlfield>
  <controlfield tag="003">NNC</controlfield>
  <controlfield tag="005">20130520200920.0</controlfield>
  <controlfield tag="008">910118s1909    ua            000 0 araod</controlfield>
  <datafield tag="035" ind1=" " ind2=" ">
    <subfield code="a">(OCoLC)ocm22978045</subfield>
  </datafield>
  <datafield tag="035" ind1=" " ind2=" ">
    <subfield code="9">ATQ5679CU</subfield>
  </datafield>
  <datafield tag="035" ind1=" " ind2=" ">
    <subfield code="a">(NNC)3080550</subfield>
  </datafield>
  <datafield tag="035" ind1=" " ind2=" ">
    <subfield code="a">3080550</subfield>
  </datafield>
  <datafield tag="040" ind1=" " ind2=" ">
    <subfield code="a">CLE</subfield>
    <subfield code="c">CLE</subfield>
    <subfield code="d">OCL</subfield>
    <subfield code="d">ZCU</subfield>
  </datafield>
  <datafield tag="099" ind1=" " ind2=" ">
    <subfield code="a">893.791</subfield>
    <subfield code="a">Ub11</subfield>
  </datafield>
  <datafield tag="100" ind1="1" ind2=" ">
    <subfield code="a">Taftāzānī, Masʻūd ibn ʻUmar,</subfield>
    <subfield code="d">1322-1389?</subfield>
  </datafield>
  <datafield tag="245" ind1="1" ind2="0">
    <subfield code="a">Sharḥ al-talwīḥ /</subfield>
    <subfield code="c">li-Saʻd al-Dīn al-Taftāzānī, ʻalá Sharḥ al-tawḍīḥ li-matn al-Tanqīḥ, li-Ṣadr al-Sharīʻah ʻUbayd Allāh ibn Masʻūd al-Bukhārī, fī uṣūl al-fiqh ; wa-bi-al-hāmish Sharḥ al-tawḍīḥ lil-Tanqīḥ al-madhkūr.</subfield>
  </datafield>
  <datafield tag="260" ind1=" " ind2=" ">
    <subfield code="a">Miṣr [Cairo] :</subfield>
    <subfield code="b">Muṣṭafá al-Bābī al-Ḥalabī,</subfield>
    <subfield code="c">1327 [1909].</subfield>
  </datafield>
  <datafield tag="300" ind1=" " ind2=" ">
    <subfield code="a">2 v. in 1 ;</subfield>
    <subfield code="c">28 cm.</subfield>
  </datafield>
  <datafield tag="500" ind1=" " ind2=" ">
    <subfield code="a">A commentary by al-Taftāzānī (originally entitled al-Talwīḥ fī kashf ḥaqāʾiq al-Tanqīḥ) and another by al-Maḥbūbī entitled al-Tawḍīḥ fī ḥall jawāʾiz al-Tanqīḥ, on the latter's Tanqīḥ al-uṣūl.</subfield>
  </datafield>
  <datafield tag="650" ind1=" " ind2="0">
    <subfield code="a">Islamic law</subfield>
    <subfield code="x">Interpretation and construction.</subfield>
  </datafield>
  <datafield tag="650" ind1=" " ind2="0">
    <subfield code="a">Hanafites.</subfield>
  </datafield>
  <datafield tag="700" ind1="1" ind2="2">
    <subfield code="a">Maḥbūbī, ʻUbayd Allāh ibn Masʻūd,</subfield>
    <subfield code="d">-1346 or 1347.</subfield>
    <subfield code="t">Tawḍīḥ fī ḥall jawāʼiz al-Tanqīḥ.</subfield>
  </datafield>
  <datafield tag="700" ind1="1" ind2=" ">
    <subfield code="a">Maḥbūbī, ʻUbayd Allāh ibn Masʻūd,</subfield>
    <subfield code="d">-1346 or 1347.</subfield>
    <subfield code="t">Tanqīḥ al-uṣūl.</subfield>
  </datafield>
  <datafield tag="740" ind1="3" ind2="1">
    <subfield code="a">al-Talwīḥ fī kashf ḥaqāʾiq al-Tanqīḥ.</subfield>
  </datafield>
  <datafield tag="955" ind1=" " ind2=" ">
    <subfield code="b">CU58897119</subfield>
    <subfield code="d">off,glx</subfield>
    <subfield code="e">893.791 Ub11</subfield>
  </datafield>
</record>
</collection>